@article{zhou2016text,
  title={Text classification improved by integrating bidirectional LSTM with two-dimensional max pooling},
  author={Zhou, Peng and Qi, Zhenyu and Zheng, Suncong and Xu, Jiaming and Bao, Hongyun and Xu, Bo},
  journal={arXiv preprint arXiv:1611.06639},
  year={2016}
}